[gd_scene load_steps=14 format=2]

[ext_resource path="res://MainMenu.gd" type="Script" id=1]
[ext_resource path="res://ParallaxBackground.tscn" type="PackedScene" id=2]
[ext_resource path="res://TitleText.tscn" type="PackedScene" id=3]
[ext_resource path="res://snd/FX/High School Menu Music.wav" type="AudioStream" id=4]
[ext_resource path="res://PlayButton.tscn" type="PackedScene" id=5]
[ext_resource path="res://snd/FX/UI menu start game_01.wav" type="AudioStream" id=6]
[ext_resource path="res://snd/FX/UI back or error_01.wav" type="AudioStream" id=7]
[ext_resource path="res://8-BIT WONDER.TTF" type="DynamicFontData" id=8]
[ext_resource path="res://RichTextLabel2.gd" type="Script" id=9]
[ext_resource path="res://Panels.tscn" type="PackedScene" id=10]

[sub_resource type="DynamicFont" id=1]
size = 48
font_data = ExtResource( 8 )

[sub_resource type="DynamicFont" id=2]
size = 24
font_data = ExtResource( 8 )

[sub_resource type="DynamicFont" id=3]
font_data = ExtResource( 8 )

[node name="MainMenu" type="Node2D"]
script = ExtResource( 1 )

[node name="ParallaxBackground" parent="." instance=ExtResource( 2 )]
offset = Vector2( 300, 400 )
transform = Transform2D( 1, 0, 0, 1, 300, 400 )

[node name="TitleText" parent="." instance=ExtResource( 3 )]
position = Vector2( 170, 90 )

[node name="AudioStreamPlayer" type="AudioStreamPlayer" parent="."]
stream = ExtResource( 4 )
volume_db = -15.0
autoplay = true

[node name="PlayButton" parent="." instance=ExtResource( 5 )]

[node name="Tween" type="Tween" parent="."]

[node name="StartPlayer" type="AudioStreamPlayer" parent="."]
stream = ExtResource( 6 )
volume_db = -25.0

[node name="ResetPlayer" type="AudioStreamPlayer" parent="."]
stream = ExtResource( 7 )
volume_db = -25.0

[node name="RichTextLabel" type="RichTextLabel" parent="."]
margin_left = 110.0
margin_top = 540.0
margin_right = 530.0
margin_bottom = 600.0
custom_fonts/bold_font = SubResource( 1 )
bbcode_enabled = true
bbcode_text = "[b][color=#FFFF40]HIGHSCORE[/color][/b]"
text = "HIGHSCORE"

[node name="RichTextLabel2" type="RichTextLabel" parent="."]
margin_left = 90.0
margin_top = 460.0
margin_right = 510.0
margin_bottom = 520.0
custom_fonts/bold_font = SubResource( 2 )
bbcode_enabled = true
bbcode_text = "[b][color=#FF4040]Tilt phone to move,
tap to jump[/color][/b]"
text = "Tilt phone to move,
tap to jump"

[node name="ScoreDisplay" type="RichTextLabel" parent="."]
margin_left = 160.0
margin_top = 610.0
margin_right = 420.0
margin_bottom = 670.0
custom_fonts/bold_font = SubResource( 1 )
bbcode_enabled = true
bbcode_text = "[b][color=#FFFF40]SCORE[/color][/b]"
text = "SCORE"
script = ExtResource( 9 )

[node name="Button" type="Button" parent="."]
margin_left = 180.0
margin_top = 670.0
margin_right = 416.0
margin_bottom = 710.0
custom_fonts/font = SubResource( 3 )
text = "RESET HIGHSCORE"

[node name="ColorRect" type="ColorRect" parent="."]
modulate = Color( 1, 1, 1, 0 )
margin_right = 600.0
margin_bottom = 800.0
mouse_filter = 2
color = Color( 0, 0, 0, 1 )
__meta__ = {
"_edit_lock_": true
}

[node name="Panels" parent="." instance=ExtResource( 10 )]

[node name="ColorRect2" type="ColorRect" parent="."]
margin_left = -400.0
margin_top = -10.0
margin_bottom = 810.0
color = Color( 0, 0, 0, 1 )

[node name="ColorRect4" type="ColorRect" parent="."]
margin_left = -400.0
margin_top = -800.0
margin_right = 1000.0
color = Color( 0, 0, 0, 1 )

[node name="ColorRect5" type="ColorRect" parent="."]
margin_left = -400.0
margin_top = 800.0
margin_right = 1000.0
margin_bottom = 1600.0
color = Color( 0, 0, 0, 1 )

[node name="ColorRect3" type="ColorRect" parent="."]
margin_left = 600.0
margin_top = -10.0
margin_right = 1000.0
margin_bottom = 810.0
color = Color( 0, 0, 0, 1 )

[connection signal="pressed" from="PlayButton" to="." method="_on_PlayButton_pressed"]
[connection signal="tween_completed" from="Tween" to="." method="_on_Tween_tween_completed"]
[connection signal="mouse_entered" from="Button" to="." method="_on_Button_mouse_entered"]
[connection signal="pressed" from="Button" to="." method="_on_Button_pressed"]
