[gd_scene load_steps=11 format=2]

[ext_resource path="res://img/LetterH.png" type="Texture" id=1]
[ext_resource path="res://img/LetterI.png" type="Texture" id=2]
[ext_resource path="res://img/LetterG.png" type="Texture" id=3]
[ext_resource path="res://img/LetterH2.png" type="Texture" id=4]
[ext_resource path="res://img/LetterS.png" type="Texture" id=5]
[ext_resource path="res://img/LetterC.png" type="Texture" id=6]
[ext_resource path="res://img/LetterO.png" type="Texture" id=7]
[ext_resource path="res://img/LetterOpurple.png" type="Texture" id=8]
[ext_resource path="res://img/LetterL.png" type="Texture" id=9]

[sub_resource type="Animation" id=1]
resource_name = "std"
length = 0.8
loop = true
step = 0.2
tracks/0/type = "value"
tracks/0/path = NodePath("Sprite:frame")
tracks/0/interp = 1
tracks/0/loop_wrap = true
tracks/0/imported = false
tracks/0/enabled = true
tracks/0/keys = {
"times": PoolRealArray( 0, 0.2, 0.4, 0.6 ),
"transitions": PoolRealArray( 1, 1, 1, 1 ),
"update": 1,
"values": [ 0, 1, 2, 3 ]
}
tracks/1/type = "value"
tracks/1/path = NodePath("Sprite2:frame")
tracks/1/interp = 1
tracks/1/loop_wrap = true
tracks/1/imported = false
tracks/1/enabled = true
tracks/1/keys = {
"times": PoolRealArray( 0, 0.2, 0.4, 0.6 ),
"transitions": PoolRealArray( 1, 1, 1, 1 ),
"update": 1,
"values": [ 0, 1, 2, 3 ]
}
tracks/2/type = "value"
tracks/2/path = NodePath("Sprite3:frame")
tracks/2/interp = 1
tracks/2/loop_wrap = true
tracks/2/imported = false
tracks/2/enabled = true
tracks/2/keys = {
"times": PoolRealArray( 0, 0.2, 0.4, 0.6 ),
"transitions": PoolRealArray( 1, 1, 1, 1 ),
"update": 1,
"values": [ 0, 1, 2, 3 ]
}
tracks/3/type = "value"
tracks/3/path = NodePath("Sprite4:frame")
tracks/3/interp = 1
tracks/3/loop_wrap = true
tracks/3/imported = false
tracks/3/enabled = true
tracks/3/keys = {
"times": PoolRealArray( 0, 0.2, 0.4, 0.6 ),
"transitions": PoolRealArray( 1, 1, 1, 1 ),
"update": 1,
"values": [ 0, 1, 2, 3 ]
}
tracks/4/type = "value"
tracks/4/path = NodePath("Sprite5:frame")
tracks/4/interp = 1
tracks/4/loop_wrap = true
tracks/4/imported = false
tracks/4/enabled = true
tracks/4/keys = {
"times": PoolRealArray( 0, 0.2, 0.4, 0.6 ),
"transitions": PoolRealArray( 1, 1, 1, 1 ),
"update": 1,
"values": [ 0, 1, 3, 2 ]
}
tracks/5/type = "value"
tracks/5/path = NodePath("Sprite6:frame")
tracks/5/interp = 1
tracks/5/loop_wrap = true
tracks/5/imported = false
tracks/5/enabled = true
tracks/5/keys = {
"times": PoolRealArray( 0, 0.2, 0.4, 0.6 ),
"transitions": PoolRealArray( 1, 1, 1, 1 ),
"update": 1,
"values": [ 0, 1, 2, 3 ]
}
tracks/6/type = "value"
tracks/6/path = NodePath("Sprite7:frame")
tracks/6/interp = 1
tracks/6/loop_wrap = true
tracks/6/imported = false
tracks/6/enabled = true
tracks/6/keys = {
"times": PoolRealArray( 0, 0.2, 0.4, 0.6 ),
"transitions": PoolRealArray( 1, 1, 1, 1 ),
"update": 1,
"values": [ 2, 3, 0, 1 ]
}
tracks/7/type = "value"
tracks/7/path = NodePath("Sprite10:frame")
tracks/7/interp = 1
tracks/7/loop_wrap = true
tracks/7/imported = false
tracks/7/enabled = true
tracks/7/keys = {
"times": PoolRealArray( 0, 0.2, 0.4, 0.6 ),
"transitions": PoolRealArray( 1, 1, 1, 1 ),
"update": 1,
"values": [ 0, 1, 2, 3 ]
}
tracks/8/type = "value"
tracks/8/path = NodePath("Sprite8:frame")
tracks/8/interp = 1
tracks/8/loop_wrap = true
tracks/8/imported = false
tracks/8/enabled = true
tracks/8/keys = {
"times": PoolRealArray( 0, 0.2, 0.4, 0.6 ),
"transitions": PoolRealArray( 1, 1, 1, 1 ),
"update": 1,
"values": [ 0, 1, 2, 3 ]
}
tracks/9/type = "value"
tracks/9/path = NodePath("Sprite9:frame")
tracks/9/interp = 1
tracks/9/loop_wrap = true
tracks/9/imported = false
tracks/9/enabled = true
tracks/9/keys = {
"times": PoolRealArray( 0, 0.2, 0.4, 0.6 ),
"transitions": PoolRealArray( 1, 1, 1, 1 ),
"update": 1,
"values": [ 0, 1, 2, 3 ]
}

[node name="TitleText" type="Node2D"]
position = Vector2( -40, -20 )
scale = Vector2( 3, 3 )

[node name="Sprite" type="Sprite" parent="."]
texture = ExtResource( 1 )
vframes = 4
frame = 3

[node name="Sprite2" type="Sprite" parent="."]
position = Vector2( 30, 0 )
texture = ExtResource( 2 )
vframes = 4
frame = 3

[node name="Sprite3" type="Sprite" parent="."]
position = Vector2( 60, 0 )
texture = ExtResource( 3 )
vframes = 6
frame = 3

[node name="Sprite4" type="Sprite" parent="."]
position = Vector2( 98, 0 )
texture = ExtResource( 4 )
vframes = 7
frame = 3

[node name="Sprite5" type="Sprite" parent="."]
position = Vector2( -34, 40 )
texture = ExtResource( 5 )
vframes = 12
frame = 2

[node name="Sprite6" type="Sprite" parent="."]
position = Vector2( -2, 40 )
texture = ExtResource( 6 )
vframes = 10
frame = 3

[node name="Sprite7" type="Sprite" parent="."]
position = Vector2( 28, 40 )
texture = ExtResource( 4 )
vframes = 7
frame = 1

[node name="Sprite8" type="Sprite" parent="."]
position = Vector2( 52, 40 )
texture = ExtResource( 7 )
hframes = 4
frame = 3

[node name="Sprite9" type="Sprite" parent="."]
position = Vector2( 82, 40 )
texture = ExtResource( 8 )
hframes = 4
frame = 3

[node name="Sprite10" type="Sprite" parent="."]
position = Vector2( 118, 40 )
texture = ExtResource( 9 )
vframes = 10
frame = 3

[node name="AnimationPlayer" type="AnimationPlayer" parent="."]
autoplay = "std"
anims/std = SubResource( 1 )
